@article{pso_ascent_2013,
    author = {Kumar, H. and Garg, P. and Deb, K.},
    title = {Particle Swarm Optimization of Ascent Trajectories of Multistage Launch Vehicles},
    journal = {Journal of Spacecraft and Rockets},
    volume = {50},
    number = {6},
    year = {2013},
    pages = {1244--1251}
}

@article{evolutionary_rocket_2022,
    author = {Silva, J. and Costa, R. and Pinto, A.},
    title = {Coupled Preliminary Design and Trajectory Optimization of Rockets Using Evolutionary Algorithms},
    journal = {Aerospace Science and Technology},
    volume = {120},
    year = {2022},
    pages = {107275}
}

@article{pso_micro_launch_2012,
    author = {Andrews, J. and Hall, J.},
    title = {Performance Optimization of Multi-Stage Launch Vehicle Using Particle Swarm Algorithm},
    journal = {Journal of Guidance, Control, and Dynamics},
    volume = {35},
    number = {3},
    year = {2012},
    pages = {764--775}
}

@article{de_ascent_2021,
    author = {Wang, T. and Liu, C. and Zhang, Y.},
    title = {Multiconstrained Ascent Trajectory Optimization Using an Improved Differential Evolution Algorithm},
    journal = {Journal of Aerospace Engineering},
    volume = {34},
    number = {2},
    year = {2021},
    pages = {04020107}
}