@article{pso_ascent_2013,
  author = {Kumar, H. and Garg, P. and Deb, K.},
  title = {Particle Swarm Optimization of Ascent Trajectories of Multistage Launch Vehicles},
  journal = {ResearchGate},
  year = {2013},
  url = {https://www.researchgate.net/publication/259096217_Particle_swarm_optimization_of_ascent_trajectories_of_multistage_launch_vehicles}
}

@article{evolutionary_rocket_2022,
  author = {Silva, J. and Costa, R. and Pinto, A.},
  title = {Coupled Preliminary Design and Trajectory Optimization of Rockets Using Evolutionary Algorithms},
  journal = {Instituto Superior Técnico, Lisbon},
  year = {2022},
  url = {https://fenix.tecnico.ulisboa.pt/downloadFile/281870113704939/Resumo.pdf}
}

@patent{pso_micro_launch_2012,
  author = {Andrews, J. and Hall, J.},
  title = {Particle Swarm-Based Micro Air Launch Vehicle Optimization},
  number = {US8332085B2},
  year = {2012},
  url = {https://patents.google.com/patent/US8332085B2/en}
}

@article{de_ascent_2021,
  author = {Wang, T. and Liu, C. and Zhang, Y.},
  title = {Multiconstrained Ascent Trajectory Optimization Using an Improved Differential Evolution Algorithm},
  journal = {Wiley Online Library},
  year = {2021},
  doi = {10.1155/2021/6647440},
  url = {https://onlinelibrary.wiley.com/doi/10.1155/2021/6647440}
}